@article {besson-courtois-gallot-1995,
    AUTHOR = {Besson, G. and Courtois, G. and Gallot, S.},
     TITLE = {Entropies et rigidit\'{e}s des espaces localement sym\'{e}triques de
              courbure strictement n\'{e}gative},
   JOURNAL = {Geom. Funct. Anal.},
  FJOURNAL = {Geometric and Functional Analysis},
    VOLUME = {5},
      YEAR = {1995},
    NUMBER = {5},
     PAGES = {731--799},
      ISSN = {1016-443X},
   MRCLASS = {58F17 (53C21 53C35)},
  MRNUMBER = {1354289},
MRREVIEWER = {Boris Hasselblatt},
       DOI = {10.1007/BF01897050},
       URL = {https://doi.org/10.1007/BF01897050},
}

@article {burago-ivanov-2010,
    AUTHOR = {Burago, D. and Ivanov, S.},
     TITLE = {Boundary rigidity and filling volume minimality of metrics
              close to a flat one},
   JOURNAL = {Ann. of Math. (2)},
  FJOURNAL = {Annals of Mathematics. Second Series},
    VOLUME = {171},
      YEAR = {2010},
    NUMBER = {2},
     PAGES = {1183--1211},
      ISSN = {0003-486X},
   MRCLASS = {53C24 (53C22 53C23)},
  MRNUMBER = {2630062},
MRREVIEWER = {Janko Latschev},
       DOI = {10.4007/annals.2010.171.1183},
       URL = {https://doi.org/10.4007/annals.2010.171.1183},
}

@article {croke-kleiner-1998,
    AUTHOR = {Croke, C. B. and Kleiner, B.},
     TITLE = {A rigidity theorem for simply connected manifolds without
              conjugate points},
   JOURNAL = {Ergodic Theory Dynam. Systems},
  FJOURNAL = {Ergodic Theory and Dynamical Systems},
    VOLUME = {18},
      YEAR = {1998},
    NUMBER = {4},
     PAGES = {807--812},
      ISSN = {0143-3857},
   MRCLASS = {53C20},
  MRNUMBER = {1645381},
MRREVIEWER = {Raul Quiroga-Barranco},
       DOI = {10.1017/S0143385798124628},
       URL = {https://doi.org/10.1017/S0143385798124628},
}

@article {gromov-1983,
    AUTHOR = {Gromov, M.},
     TITLE = {Filling {R}iemannian manifolds},
   JOURNAL = {J. Differential Geom.},
  FJOURNAL = {Journal of Differential Geometry},
    VOLUME = {18},
      YEAR = {1983},
    NUMBER = {1},
     PAGES = {1--147},
      ISSN = {0022-040X},
   MRCLASS = {53C20 (53C21 57R99)},
  MRNUMBER = {697984},
MRREVIEWER = {Yu. Burago},
       URL = {http://projecteuclid.org/euclid.jdg/1214509283},
}

@online{ivanov-2012,
        title = {Некоторые геометрические неравенства и теоремы жесткости},
        date = {2012},
        organization = {Математическая лаборатория имени П.Л. Чебышева},
        author = {Иванов, С. В},
        url = {https://www.lektorium.tv/lecture/13892},
    }


@article {michel-1981,
    AUTHOR = {Michel, Ren\'{e}},
     TITLE = {Sur la rigidit\'{e} impos\'{e}e par la longueur des g\'{e}od\'{e}siques},
   JOURNAL = {Invent. Math.},
  FJOURNAL = {Inventiones Mathematicae},
    VOLUME = {65},
      YEAR = {1981/82},
    NUMBER = {1},
     PAGES = {71--83},
      ISSN = {0020-9910},
   MRCLASS = {58D99 (53C22)},
  MRNUMBER = {636880},
MRREVIEWER = {Francesco Mercuri},
       DOI = {10.1007/BF01389295},
       URL = {https://doi.org/10.1007/BF01389295},
}

@article {pestov-uhlmann,
    AUTHOR = {Pestov, L. and Uhlmann, G.},
     TITLE = {Two dimensional compact simple {R}iemannian manifolds are
              boundary distance rigid},
   JOURNAL = {Ann. of Math. (2)},
  FJOURNAL = {Annals of Mathematics. Second Series},
    VOLUME = {161},
      YEAR = {2005},
    NUMBER = {2},
     PAGES = {1093--1110},
      ISSN = {0003-486X},
   MRCLASS = {53C24 (53C22)},
  MRNUMBER = {2153407},
MRREVIEWER = {Rodney Josu\'{e} Biezuner},
       DOI = {10.4007/annals.2005.161.1093},
       URL = {https://doi.org/10.4007/annals.2005.161.1093},
}

